@book{chong2013introduction,
  title={An introduction to optimization},
  author={Chong, Edwin KP and Zak, Stanislaw H},
  volume={76},
  year={2013},
  publisher={John Wiley \& Sons}
}

@book{nocedal2006numerical,
  title={Numerical optimization},
  author={Nocedal, Jorge and Wright, Stephen},
  year={2006},
  publisher={Springer Science \& Business Media}
}

@book{kelley1999iterative,
  title={Iterative methods for optimization},
  author={Kelley, Carl T},
  volume={18},
  year={1999},
  publisher={Siam}
}

@article{gavin2013nelder,
  title={The Nelder-Mead Algorithm in Two Dimensions},
  author={Gavin, Henri P},
  journal={CEE 201L. Duke U},
  year={2013}
}

@article{Do_2012,
	doi = {10.1063/1.4755994},
	url = {http://dx.doi.org/10.1063/1.4755994},
	year = 2012,
	publisher = {{AIP} Publishing},
	volume = {137},
	number = {13},
	pages = {134106},
	author = {Hainam Do and Nicholas A. Besley},
	title = {Structural optimization of molecular clusters with density functional theory combined with basin hopping},
	journal = {The Journal of Chemical Physics}
}

@article{Wales_1997,
	doi = {10.1021/jp970984n},
	url = {http://dx.doi.org/10.1021/jp970984n},
	year = 1997,
	month = {jul},
	publisher = {American Chemical Society ({ACS})},
	volume = {101},
	number = {28},
	pages = {5111--5116},
	author = {David J. Wales and Jonathan P. K. Doye},
	title = {Global Optimization by Basin-Hopping and the Lowest Energy Structures of Lennard-Jones Clusters Containing up to 110 Atoms},
	journal = {The Journal of Physical Chemistry A}
    }
    
    @article{Iwamatsu_2004,
	doi = {10.1016/j.cplett.2004.10.032},
	url = {http://dx.doi.org/10.1016/j.cplett.2004.10.032},
	year = 2004,
	month = {dec},
	publisher = {Elsevier {BV}},
	volume = {399},
	number = {4-6},
	pages = {396--400},
	author = {Masao Iwamatsu and Yutaka Okabe},
	title = {Basin hopping with occasional jumping},
	journal = {Chemical Physics Letters}
}

@PROCEEDINGS{Iwamatsu_2004J,
author={M. Iwamatsu and Y. Okabe },
title={Basin Hopping with Occasional Jumping},
  booktitle = {Europhysics Conference on Computational Physics (CCP2004), Geneva, Italy, 2004.},
  year = {2004}
}

@article{Wille_1987,
	doi = {10.1016/0009-2614(87)87091-4},
	url = {http://dx.doi.org/10.1016/0009-2614(87)87091-4},
	year = 1987,
	month = {jan},
	publisher = {Elsevier {BV}},
	volume = {133},
	number = {5},
	pages = {405--410},
	author = {L.T. Wille},
	title = {Minimum-energy configurations of atomic clusters: new results obtained by simulated annealing},
	journal = {Chemical Physics Letters}
}

@article{Hashmi_2013,
	doi = {10.1186/1477-5956-11-s1-s6},
	url = {http://dx.doi.org/10.1186/1477-5956-11-s1-s6},
	year = 2013,
	publisher = {Springer Nature},
	volume = {11},
	number = {Suppl 1},
	pages = {S6},
	author = {Irina Hashmi and Amarda Shehu},
	title = {{HopDock}: a probabilistic search algorithm for decoy sampling in protein-protein docking},
	journal = {Proteome Science}
}

@article{More1981,
 author = {Mor{\'e}, Jorge J. and Garbow, Burton S. and Hillstrom, Kenneth E.},
 title = {Testing Unconstrained Optimization Software},
 journal = {ACM Trans. Math. Softw.},
 issue_date = {March 1981},
 volume = {7},
 number = {1},
 month = mar,
 year = {1981},
 issn = {0098-3500},
 pages = {17--41},
 numpages = {25},
 url = {http://doi.acm.org/10.1145/355934.355936},
 doi = {10.1145/355934.355936},
 acmid = {355936},
 publisher = {ACM},
 address = {New York, NY, USA},
} 